<?xml version="1.0" encoding="UTF-8"?><collection xmlns="http://www.loc.gov/MARC21/slim"><record><leader>00595nam--2200169-i-4500</leader><controlfield tag="001">000009778</controlfield><controlfield tag="002">20161230</controlfield><controlfield tag="005">20161230201028</controlfield><controlfield tag="008">060222s1000------------r-----000-0-eng-d</controlfield><datafield ind1=" " ind2=" " tag="040"><subfield code="a">IFIN-HH</subfield></datafield><datafield ind1=" " ind2=" " tag="080"><subfield code="a">539.12.539.14</subfield></datafield><datafield ind1="1" ind2=" " tag="100"><subfield code="a">Jackson, Willis</subfield></datafield><datafield ind1="1" ind2="0" tag="245"><subfield code="a">Contributions international conference on properties of nuclear states, montreal canada</subfield><subfield code="b">Communications conference internationale sur les proprietes des etats nucleaires</subfield><subfield code="c">Willis jackson</subfield></datafield><datafield ind1=" " ind2=" " tag="260"><subfield code="a">Montreal</subfield><subfield code="b">Les Presses De L'Universite</subfield><subfield code="c">1969</subfield></datafield><datafield ind1=" " ind2=" " tag="300"><subfield code="a">XVIII + 380 P</subfield></datafield><datafield ind1=" " ind2=" " tag="852"><subfield code="a">35375</subfield><subfield code="c">539.14</subfield></datafield><datafield ind1=" " ind2=" " tag="CAT"><subfield code="a">Sys</subfield><subfield code="c">20120327</subfield><subfield code="h">165522</subfield></datafield></record></collection>